<?xml version="1.0" encoding="UTF-8"?><collection xmlns="http://www.loc.gov/MARC21/slim"><record><leader>00428nam--2200121-i-4500</leader><controlfield tag="001">000003420</controlfield><controlfield tag="002">20161230</controlfield><controlfield tag="005">20161230201025</controlfield><controlfield tag="008">060222s1000------------r-----000-0-eng-d</controlfield><datafield ind1=" " ind2=" " tag="100"><subfield code="a">Atkison</subfield></datafield><datafield ind1=" " ind2=" " tag="245"><subfield code="a">Fluorescent lighting dealing with the princi ples and practice of fluortescent lighting for electrical engineers, illuminating engineers and architects. 3rd ed</subfield></datafield><datafield ind1=" " ind2=" " tag="260"><subfield code="a">London,  George Neumes  , 1948 Vii + 144 P</subfield></datafield><datafield ind1=" " ind2=" " tag="852"><subfield code="a">622</subfield></datafield></record></collection>